@MISC{web:dirtycow,
      AUTHOR = "Phil Oester",
      TITLE = "{D}irty {C}ow",
      MONTH = oct,
      YEAR = 2016,
      NOTE = "\url{https://dirtycow.ninja/}"
}

@MISC{web:selinux,
      AUTHOR = "Wikipedia",
      TITLE = "{SEL}inux",
      MONTH = jan,
      YEAR = 2019,
      NOTE = "\url{https://en.wikipedia.org/wiki/Security-Enhanced_Linux}"
}

@MISC{web:HALWikipedia,
      AUTHOR = "Wikipedia",
      TITLE = "Hardware {A}bstraction {L}ayer",
      MONTH = jan,
      YEAR = 2019,
      NOTE = "\url{https://en.wikipedia.org/wiki/HAL_(software)}"
}

@MISC{web:ArchlinuxWikiWPASupplicant,
      AUTHOR = "{{ArchLinux Wiki}}",
      TITLE = "WPA supplicant",
      MONTH = jan,
      YEAR = 2019,
      NOTE = "\url{https://wiki.archlinux.org/index.php/WPA_supplicant}"
}

@MISC{web:carbon,
      AUTHOR = "{{CarbonROM}}",
      TITLE = "{{CarbonROM Homepage}}",
      MONTH = jan,
      YEAR = 2019,
      NOTE = "\url{https://carbonrom.org/}"
}

@MISC{web:lineage,
      AUTHOR = "{{LineageOS}}",
      TITLE = "{{LineageOS Homepage}}",
      MONTH = jan,
      YEAR = 2019,
      NOTE = "\url{https://lineageos.org/}"
}

@MISC{web:omnirom,
      AUTHOR = "{{OmniROM}}",
      TITLE = "{{OmniROM Homepage}}",
      MONTH = jan,
      YEAR = 2019,
      NOTE = "\url{https://www.omnirom.org/}"
}

@MISC{web:z3,
      AUTHOR = "areamobile and Sony",
      TITLE = "{{Sony Xperia Z3 Datasheet}}",
      MONTH = jan,
      YEAR = 2019,
      NOTE = "\url{http://www.areamobile.de/handys/4185-sony-xperia-z3/datenblatt}"
}

@MISC{web:s9,
      AUTHOR = "areamobile and Samsung",
      TITLE = "{{Samsung Galaxy S9 Datasheet}}",
      MONTH = jan,
      YEAR = 2019,
      NOTE = "\url{http://www.areamobile.de/handys/7242-samsung-galaxy-s9/datenblatt}"
}

@MISC{web:aosp,
      AUTHOR = "Google",
      TITLE = "{{AOSP Homepage}}",
      MONTH = jan,
      YEAR = 2019,
      NOTE = "\url{https://source.android.com/}"
}

@MISC{web:sodp,
      AUTHOR = "Sony",
      TITLE = "{{Sony Open Device Program GitHub Page}}",
      MONTH = jan,
      YEAR = 2019,
      NOTE = "\url{https://github.com/sonyxperiadev}"
}

